@Book{hora06:_methoden_der_numerischen_umformtechnik,
  author    = {Pavel Hora},
  title     = {Umformtechnik II - Methoden der numerischen Umformtechnik},
  publisher = {ETH Zürich},
  year      = 2006
}

@Book{dyna04:_ls_dyna_introductory_course_notes,
  author    = {Klaus Weimar},
  title     = {LS-Dyna - Introductory Course Notes},
  publisher = {DYNAmore GmbH},
  year      = 2004
}

@Book{muell02:_contact_modelling_in_ls_dyna,
  author    = {Heiner Müllerschön},
  title     = {Contact Modeling in LS-Dyna},
  publisher = {DYNAmore GmbH},
  year      = 2002
}

@Book{dynaman:_ls_dyna_keyword_users_manual,
  author	= {Mitarbeit von LS Dyna},
  title     = {LS-Dyna - Keyword User's Manual},
  publisher = {Livermore Software Technology Corporation},
  year      = {1992-2003}
}