@article{Miller20142014ANSYS,
    title = {{2014 Regional Conference Experiments and Fitting of Advanced Polymer Models in ANSYS}},
    year = {2014},
    author = {Miller, Kurt and Products, Axel},
    pages = {1--49}
}

@article{Tobajas2016AEngines,
    title = {{A comparative study of hyperelastic constitutive models to characterize the behavior of a polymer used in automotive engines}},
    year = {2016},
    journal = {Proceedings of 2nd International Electronic Conference on Materials},
    author = {Tobajas, Rafael and Ibartz, Elena and Gracia, Luis},
    pages = {A002},
    url = {http://sciforum.net/conference/ecm-2/paper/3398},
    isbn = {9788897999683},
    doi = {10.3390/ecm-2-A002},
    keywords = {hyperelastic, santoprene, thermoplastic elastomers}
}

@article{Zhang2014AConstraints,
    title = {{A Finite Element Method for Solving 2D Contact Problems with Coulomb Friction and Bilateral Constraints}},
    year = {2014},
    author = {Zhang, Jie and Wang, Qi}
}

@article{Chen2013ABodies,
    title = {{A Finite Element Solution for Frictional Sliding Contact between Hyper-Elastic and Rigid Bodies}},
    year = {2013},
    journal = {Advanced Materials Research},
    author = {Chen, Ya Bin},
    pages = {445--455},
    volume = {873},
    url = {http://www.scientific.net/AMR.873.445},
    doi = {10.4028/www.scientific.net/AMR.873.445},
    issn = {1662-8985},
    keywords = {abstract, are separated and, augmented lagrange, body, deformations and displacements between, finite element, frictional contact, frictional contact problems with, hyper-elastic body and rigid, is, large, nonlinearity and contact nonlinearity, rubber, the geometrically nonlinear behavior, the material, this paper is devoted, to the analysis of}
}

@article{Mottershead1992AAnalysis,
    title = {{A general finite element approach for contact stress analysis}},
    year = {1992},
    journal = {International journal for numerical methods in engineering},
    author = {Mottershead, J E and English, R G},
    number = {October 1989},
    pages = {765--779},
    volume = {33},
    keywords = {Contact FE}
}

@article{LobdellAUSA,
    title = {{A Mechanism for the Validation of Hyperelastic Materials in ANSYS Megan Lobdell, Brian Croop DatapointLabs Technical Center for Materials, Ithaca, USA}},
    author = {Lobdell, Megan and Croop, Brian},
    keywords = {2016, 34, 7, ansys, cadfem ansys simulation conference, hyperelastic, matereality, messe n{\"{u}}rnberg, ncc ost, october 5, validation}
}

@article{Mechanics2002ANSYSCharacterization,
    title = {{ANSYS material modeling : Hyperelastic material characterization}},
    year = {2002},
    author = {Mechanics, Ansys and Ansys, Group},
    number = {August}
}

@article{Wong1984ApplicationsProblems,
    title = {{Applications of nonlinear finite element method to contact problems and paper handling problems}},
    year = {1984},
    journal = {Computers {\&} Structures},
    author = {Wong, C.Joseph},
    number = {3},
    pages = {315--320},
    volume = {19},
    url = {http://www.sciencedirect.com/science/article/pii/0045794984900415},
    doi = {http://dx.doi.org/10.1016/0045-7949(84)90041-5},
    issn = {0045-7949}
}

@article{Camp2018BCGAGILE,
    title = {{BCG BOB CAMP 2018 STAY AGILE}},
    year = {2018},
    author = {Camp, B C G B O B}
}

@article{Poore1998BestPractices,
    title = {{Best practices}},
    year = {1998},
    journal = {Information Systems Security},
    author = {Poore, Ralph Spencer},
    number = {3},
    pages = {13--15},
    volume = {7},
    doi = {10.1201/1086/43300.7.3.19980901/31003.4},
    issn = {1065898X},
    keywords = {FEA, automotive, structural}
}

@article{Rackl2015CurveModels,
    title = {{Curve Fitting for Ogden , Yeoh and Polynomial Models}},
    year = {2015},
    author = {Rackl, Author Michael},
    keywords = {()}
}

@book{Fu2017DesignSimulation,
    title = {{Design and Development of Metal-Forming Processes and Products Aided by Finite Element Simulation}},
    year = {2017},
    author = {Fu, Ming Wang},
    url = {http://link.springer.com/10.1007/978-3-319-46464-0},
    isbn = {978-3-319-46462-6},
    doi = {10.1007/978-3-319-46464-0}
}

@article{Klahn2016DesignJoints,
    title = {{Design Guidelines for Additive Manufactured Snap-Fit Joints}},
    year = {2016},
    journal = {Procedia CIRP},
    author = {Klahn, Christoph and Singer, Daniel and Meboldt, Mirko},
    number = {i},
    pages = {264--269},
    volume = {50},
    publisher = {Elsevier B.V.},
    url = {http://dx.doi.org/10.1016/j.procir.2016.04.130},
    isbn = {22128271 (ISSN)},
    doi = {10.1016/j.procir.2016.04.130},
    issn = {22128271},
    keywords = {Additive Manufacturing, Design Guideline, Fused Deposition Modeling, Selective Laser Sintering, Snap-Fit Joints}
}

@book{Tres2014DesigningAssembly,
    title = {{Designing Plastic Parts for Assembly}},
    year = {2014},
    booktitle = {Designing Plastic Parts for Assembly},
    author = {Tres, Paul a.},
    edition = {Seventh Ed},
    pages = {373--376},
    publisher = {Carl Hanser Verlag GmbH {\&} Co. KG},
    url = {http://www.sciencedirect.com/science/article/pii/B9781569905555500138},
    isbn = {978-1-56990-555-5},
    doi = {10.3139/9781569905562}
}

@article{Erhard2006DesigningPlastics,
    title = {{Designing with Plastics}},
    year = {2006},
    journal = {Designing},
    author = {Erhard, Gunter},
    pages = {485--508},
    url = {http://www.sciencedirect.com/science/article/pii/B9783446225909500143},
    isbn = {978-3-446-22590-9},
    doi = {10.3139/9783446412828},
    issn = {00256501}
}

@article{2004ExampleMaterial,
    title = {{Example material}},
    year = {2004},
    number = {2002},
    pages = {2002}
}

@article{Lund1990FiniteFields,
    title = {{Finite element analysis of hyperelastic large deformation crack tip fields}},
    year = {1990},
    journal = {International Journal of Fracture},
    author = {Lund, R. A. and Westmann, R. A.},
    number = {4},
    pages = {257--270},
    volume = {43},
    doi = {10.1007/BF00035086},
    issn = {03769429}
}

@article{Wriggers1996FiniteFriction,
    title = {{Finite element methods for contact problems with friction}},
    year = {1996},
    journal = {Tribology International},
    author = {Wriggers, P.},
    number = {8},
    pages = {651--658},
    volume = {29},
    isbn = {0301-679X},
    doi = {10.1016/0301-679X(96)00011-4},
    issn = {0301679X},
    keywords = {Dry friction, Finite element method, Large deformations}
}

@article{Miko2016FrictionalCylinders,
    title = {{Frictional Contact Finite Element Analysis of Pneumatic Cylinders}},
    year = {2016},
    journal = {Periodica Polytechnica Mechanical Engineering},
    author = {Mik{\'{o}}, Szandra Ã‰va},
    number = {1},
    pages = {50--57},
    volume = {60},
    url = {https://pp.bme.hu/me/article/view/8530},
    doi = {10.3311/PPme.8530},
    issn = {03246051},
    keywords = {fem, finite element method, friction, hyperelastic material model, pneumatic cylinder}
}

@article{Considerations1988GeneralConsiderations,
    title = {{General Design Considerations}},
    year = {1988},
    author = {Considerations, General Design},
    pages = {1--12},
    volume = {1}
}

@article{Bechir2006HyperelasticInvariant,
    title = {{Hyperelastic constitutive model for rubber-like materials based on the first Seth strain measures invariant}},
    year = {2006},
    journal = {European Journal of Mechanics, A/Solids},
    author = {Bechir, H. and Chevalier, L. and Chaouche, M. and Boufala, K.},
    number = {1},
    pages = {110--124},
    volume = {25},
    isbn = {0997-7538},
    doi = {10.1016/j.euromechsol.2005.03.005},
    issn = {09977538},
    keywords = {Carbon black filled vulcanised natural rubber, Hyperelasticity, Image analysis, Seth strain measures, Unfilled vulcanized natural rubber}
}

@article{Ottosen1992IntroductionMethod,
    title = {{Introduction to the Finite Element Method}},
    year = {1992},
    author = {Ottosen, N S and Petersson, H},
    pages = {-},
    isbn = {0-13-473877-2},
    doi = {10.1002/9781118557877.ch7},
    issn = {1094-4087},
    pmid = {21996829},
    keywords = {Finite element, Finite element method}
}

@misc{Me338_Project01.Pdf,
    title = {{Me338{\_}Project01.Pdf}}
}

@article{Shahzad2015MechanicalMaterial,
    title = {{Mechanical Characterization and FE Modelling of a Hyperelastic Material}},
    year = {2015},
    journal = {Materials Research},
    author = {Shahzad, Majid and Kamran, Ali and Siddiqui, Muhammad Zeeshan and Farhan, Muhammad},
    number = {5},
    pages = {918--924},
    volume = {18},
    url = {http://www.scielo.br/scielo.php?script=sci_arttext&pid=S1516-14392015000500918&lng=en&tlng=en},
    doi = {10.1590/1516-1439.320414},
    issn = {1516-1439},
    keywords = {dic, fea, hyperelastic material, quadlap shear test, yeoh model}
}

@article{Screws2009MechanicalFastening,
    title = {{Mechanical Fastening}},
    year = {2009},
    journal = {Handbook of Plastics Joining},
    author = {Screws, Machine},
    pages = {175--201},
    url = {http://linkinghub.elsevier.com/retrieve/pii/B9780815515814500202},
    isbn = {978-0-7506-9008-9},
    doi = {10.1016/B978-0-8155-1581-4.50020-2}
}

@article{Muhr2005ModelingRubber,
    title = {{Modeling the Stress-Strain Behavior of Rubber}},
    year = {2005},
    journal = {Rubber Chemistry and Technology},
    author = {Muhr, A. H.},
    number = {3},
    pages = {391--425},
    volume = {78},
    url = {http://rubberchemtechnol.org/doi/abs/10.5254/1.3547890},
    isbn = {0035-9475},
    doi = {10.5254/1.3547890},
    issn = {0035-9475}
}

@book{MechanicsNoTitle,
    title = {{No Title}},
    author = {Mechanics, Contact},
    isbn = {9783642108020}
}

@article{K1994NonlinearConcrete,
    title = {{Nonlinear Elasticity and Hypoelastic Models for Concrete}},
    year = {1994},
    journal = {Studies in Applied Mechanics},
    author = {K, Secant Moduli},
    number = {PA},
    pages = {348--437},
    volume = {37},
    doi = {10.1016/B978-0-444-88408-4.50014-1},
    issn = {09225382}
}

@article{Hsiao1987NonlinearFrames,
    title = {{Nonlinear finite element analysis of elastic frames}},
    year = {1987},
    journal = {Computers {\&} Structures},
    author = {Hsiao, Kuo M O and Hou, Fang Yu},
    number = {4},
    pages = {693--701},
    volume = {26},
    url = {http://linkinghub.elsevier.com/retrieve/pii/0045794987900162},
    isbn = {9780494400968},
    doi = {10.1016/0045-7949(87)90016-2},
    issn = {00457949}
}

@article{SchreursOne-DimensionalBehavior,
    title = {{One-Dimensional Material Behavior}},
    author = {Schreurs, Piet},
    url = {http://www.mate.tue.nl/~piet/inf/trc/pdf/infmamo1d.pdf},
    keywords = {()}
}

@article{Overview11,
    title = {{Overview 1 1â€“1}},
    pages = {1--18},
    isbn = {0000000000000}
}

@article{Gupta2011PanelDiscussion,
    title = {{Panel discussion}},
    year = {2011},
    journal = {Toxicology International},
    author = {Gupta, Y K},
    pages = {19},
    volume = {1)},
    url = {http://ovidsp.ovid.com/ovidweb.cgi?T=JS&CSC=Y&NEWS=N&PAGE=fulltext&D=emed10&AN=70567761%5Cnhttp://gw2jh3xr2c.search.serialssolutions.com?url_ver=Z39.88-2004&rft_val_fmt=info:ofi/fmt:kev:mtx:journal&rfr_id=info:sid/Ovid:emed10&rft.genre=article&rft_id=info},
    doi = {10.1007/s00247-002-0674-y},
    issn = {0301-0449}
}

@article{JacobLubliner2008PlasticityTheory,
    title = {{Plasticity Theory}},
    year = {2008},
    author = {{Jacob Lubliner}},
    url = {https://www.ethz.ch/content/dam/ethz/special-interest/baug/ifb/ifb-dam/homepage-IfB/Education/msc_courses/msc-mechanics-building-materials/documents/plastizitaet.pdf%5Cnhttp://www.amazon.com/dp/0486462900},
    isbn = {0486462900}
}

@article{2018Podiumsdiskussion,
    title = {{Podiumsdiskussion}},
    year = {2018},
    pages = {2018}
}

@article{Ruan2005SelectionSoftware,
    title = {{Selection and Optimization of Snap-Fit Features Via Web-Based Software}},
    year = {2005},
    journal = {Ohio State University},
    author = {Ruan, Tieming}
}

@article{FittingSnap,
    title = {{Snap Fitting Â„ Â„}},
    author = {Fitting, Snap}
}

@article{Basf2007Snap-FitManual,
    title = {{Snap-Fit Design Manual}},
    year = {2007},
    journal = {Technical Expertise},
    author = {{Basf}},
    pages = {24},
    keywords = {injection molding, snap fit}
}

@article{Bayer2000Snap-fitGuide,
    title = {{Snap-fit joints for plastics A design guide}},
    year = {2000},
    journal = {Design Guide},
    author = {{Bayer}},
    pages = {26},
    url = {http://fab.cba.mit.edu/classes/S62.12/people/vernelle.noel/Plastic_Snap_fit_design.pdf}
}

@article{Spahr1991SNAP-FITS:,
    title = {{SNAP-FITS FOR Presented by :}},
    year = {1991},
    journal = {Engineer},
    author = {Spahr, Tim},
    number = {November},
    volume = {1991}
}

@article{Qi2004Stress-StrainPolyurethane,
    title = {{Stress-Strain Behavior of Thermoplastic Polyurethane}},
    year = {2004},
    journal = {Mechanics of materials},
    author = {Qi, H J and Boyce, M C},
    number = {July},
    pages = {1--51},
    keywords = {CONSTITUTIVE RELATIONS, Plastic Modeling, Polyurethane, TPU}
}

@article{Vossen2008VolumetricElements,
    title = {{Volumetric locking in finite elements}},
    year = {2008},
    author = {Vossen, Bart and Peerlings, R H J}
}